@article{Gradel,
    title = {{The Freedoms of (Guarded) Bisimulation}},
    author = {Gr{\"{a}}del, Erich and Otto, Martin},
    url = {http://www.mathematik.tu-darmstadt.de/~otto/papers/bisim13.pdf}
}

@article{Abramsky2017,
    title = {{The pebbling comonad in finite model theory}},
    year = {2017},
    author = {Abramsky, Samson and Dawar, Anuj and Wang, Pengming},
    month = {4},
    url = {http://arxiv.org/abs/1704.05124},
    arxivId = {1704.05124}
}

@article{Rossman2008,
    title = {{Homomorphism Preservation Theorems}},
    year={2008},
    author = {Rossman, Benjamin},
    url = {http://www.math.toronto.edu/rossman/hpt-jacm.pdf},
    keywords = {Categories and Subject Descriptors, F41 [Mathematical Logic and Formal Languages], Finite model theory, H23 [Database Management], Theory Additional Key Words and Phrases, conjunctive queries, first-order logic, homomorphisms, preser-vation theorems, quantifier-rank, tree-depth}
}

@book{Libkin2004,
    title = {{Elements of Finite Model Theory (Texts in Theoretical Computer Science. An EATCS Series)}},
    year = {2004},
    author = {Libkin, Leonid},
    publisher = {Springer},
    isbn = {3540212027}
}

@article{Casanovas1996,
    title = {{On Elementary Equivalence for Equality-free Logic}},
    year = {1996},
    journal = {Notre Dame Journal of Formal Logic},
    author = {Casanovas, E. and Dellunde, P. and Jansana, R.},
    number = {3},
    pages = {506--522},
    volume = {37},
    publisher = {University of Notre Dame},
    url = {http://projecteuclid.org:80/Dienst/getRecord?id=euclid.ndjfl/1039886524/},
    doi = {10.1305/ndjfl/1039886524},
    issn = {0029-4527}
}
